@misc{learndash,
  author       = {Ferrimanm,~Justin},
  title        = {LearnDash 3.0},
  howpublished = {https://www.learndash.com/best-wordpress-lms-plugin/},
  year         = {2019},
  month        = {5},
  day          = {2019}
}

@misc{moodle,
  author       = {Moodle},
  title        = {Moodle},
  howpublished = {https://moodle.org/},
  year         = {2024},
  month        = {1},
  day          = {18}
}

@misc{orms,
  author       = {Wanyoike,~Michael},
  title        = {9 Best JavaScript and TypeScript ORMs for 2024},
  howpublished = {https://www.sitepoint.com/javascript-typescript-orms/},
  year         = {2023},
  month        = {3},
  day          = {22}
}

@misc{next-server-action,
  author       = {Next.js},
  title        = {Server Actions and Mutations},
  howpublished = {https://nextjs.org/docs/app/building-your-application/data-fetching/server-actions-and-mutations},
  year         = {2024},
  month        = {4},
  day          = {12}
}

@misc{what-is-react,
  author       = {Abramov,~Dan and Nabors,~Rachel},
  title        = {Introducing react.dev},
  howpublished = {https://react.dev/blog/2023/03/16/introducing-react-dev},
  year         = {2024},
  month        = {4},
  day          = {12}
}

@misc{prisma-type-safety,
  author       = {Prisma},
  title        = {Type Safety},
  howpublished = {https://www.prisma.io/docs/orm/prisma-client/type-safety},
  year         = {2024},
  month        = {4},
  day          = {10}
}

@misc{prisma-code-generation,
  author       = {Prisma},
  title        = {Generating Prisma Client},
  howpublished = {https://www.prisma.io/docs/orm/prisma-client/setup-and-configuration/generating-prisma-client},
  year         = {2024},
  month        = {4},
  day          = {10}
}